@Article{nuijten2016,
  title = {The Prevalence of Statistical Reporting Errors in Psychology (1985\textendash{}2013)},
  volume = {48},
  issn = {1554-3528},
  language = {en},
  number = {4},
  journal = {Behavior Research Methods},
  doi = {10.3758/s13428-015-0664-2},
  author = {Mich{\a`e}le B. Nuijten and Chris H. J. Hartgerink and Marcel A. L. M. {van Assen} and Sacha Epskamp and Jelte M. Wicherts},
  month = {dec},
  year = {2016},
  keywords = {False positives,NHST,p-values,Publication bias,Questionable research practices,Reporting errors,Significance},
  pages = {1205-1226}
}

@Book{tufte2001,
  address = {{Cheshire, Conn}},
  edition = {2nd edition edition},
  title = {The {{Visual Display}} of {{Quantitative Information}}},
  isbn = {978-1-930824-13-3},
  language = {English},
  publisher = {{Graphics Press}},
  author = {Edward R. Tufte},
  month = {may},
  year = {2001},
}

@Article{wickhamTidyData2014,
  title = {Tidy {{Data}}},
  volume = {59},
  copyright = {Copyright (c) 2013 Hadley  Wickham},
  issn = {1548-7660},
  language = {en},
  number = {1},
  journal = {Journal of Statistical Software},
  doi = {10.18637/jss.v059.i10},
  author = {Hadley Wickham},
  month = {sep},
  year = {2014},
  pages = {1-23}
}

@Article{lilienfeld2015,
  title = {Fifty Psychological and Psychiatric Terms to Avoid: A List of Inaccurate, Misleading, Misused, Ambiguous, and Logically Confused Words and Phrases},
  volume = {6},
  issn = {1664-1078},
  shorttitle = {Fifty Psychological and Psychiatric Terms to Avoid},
  journal = {Frontiers in Psychology},
  doi = {10.3389/fpsyg.2015.01100},
  author = {Scott O. Lilienfeld and Katheryn C. Sauvign{\a'e} and Steven Jay Lynn and Robin L. Cautin and Robert D. Latzman and Irwin D. Waldman},
  month = {aug},
  year = {2015},
  pmid = {26284019},
  pmcid = {PMC4522609},
}

@Book{wickham2016,
  address = {{New York, NY}},
  edition = {2nd ed. 2016 edition},
  title = {Ggplot2: {{Elegant Graphics}} for {{Data Analysis}}},
  isbn = {978-3-319-24275-0},
  shorttitle = {Ggplot2},
  language = {English},
  publisher = {{Springer}},
  author = {Hadley Wickham},
  month = {jun},
  year = {2016},
}

@Book{cleveland1985,
  address = {{Monterey, Cal}},
  edition = {1st edition},
  title = {The {{Elements}} of {{Graphing Data}}},
  isbn = {978-0-534-03729-1},
  abstract = {--This text refers to an out of print or unavailable edition of this title.},
  language = {English},
  publisher = {{Wadsworth, Inc.}},
  author = {William S. Cleveland},
  month = {aug},
  year = {1985},
}

@Book{apa2009,
  address = {{Washington, DC}},
  title = {Publication {{Manual}} of the {{American Psychological Association}}, 6th {{Edition}}},
  isbn = {978-1-4338-0561-5},
  language = {English},
  publisher = {{American Psychological Association}},
  author = {American Psychological Association},
  month = {jul},
  year = {2009},
}
