@Article{nuijten2016,
  title = {The Prevalence of Statistical Reporting Errors in Psychology (1985\textendash{}2013)},
  volume = {48},
  issn = {1554-3528},
  language = {en},
  number = {4},
  journal = {Behavior Research Methods},
  doi = {10.3758/s13428-015-0664-2},
  author = {Mich{\a`e}le B. Nuijten and Chris H. J. Hartgerink and Marcel A. L. M. {van Assen} and Sacha Epskamp and Jelte M. Wicherts},
  month = {dec},
  year = {2016},
  keywords = {False positives,NHST,p-values,Publication bias,Questionable research practices,Reporting errors,Significance},
  pages = {1205-1226}
}

@Book{tufte2001,
  address = {{Cheshire, Conn}},
  edition = {2nd edition},
  title = {The {{Visual Display}} of {{Quantitative Information}}},
  isbn = {978-1-930824-13-3},
  language = {English},
  publisher = {{Graphics Press}},
  author = {Edward R. Tufte},
  month = {may},
  year = {2001},
}

@Book{cleveland1985,
  address = {{Monterey, Cal}},
  edition = {1st edition},
  title = {The {{Elements}} of {{Graphing Data}}},
  isbn = {978-0-534-03729-1},
  language = {English},
  publisher = {{Wadsworth, Inc.}},
  author = {William S. Cleveland},
  month = {aug},
  year = {1985},
}

@Book{apa2019,
  address = {{Washington, DC}},
  title = {Publication {{Manual}} of the {{American Psychological Association}}, 7th {{Edition}}},
  isbn = {978-1-4338-0561-5},
  language = {English},
  publisher = {{American Psychological Association}},
  author = {{American Psychological Association}},
  year = {2019},
}

@Article{Wickham2019,
    title = {Welcome to the {tidyverse}},
    author = {Hadley Wickham and Mara Averick and Jennifer Bryan and Winston Chang and Lucy D'Agostino McGowan and Romain François and Garrett Grolemund and Alex Hayes and Lionel Henry and Jim Hester and Max Kuhn and Thomas Lin Pedersen and Evan Miller and Stephan Milton Bache and Kirill Müller and Jeroen Ooms and David Robinson and Dana Paige Seidel and Vitalie Spinu and Kohske Takahashi and Davis Vaughan and Claus Wilke and Kara Woo and Hiroaki Yutani},
    year = {2019},
    journal = {Journal of Open Source Software},
    volume = {4},
    number = {43},
    pages = {1686},
    doi = {10.21105/joss.01686},
  }

@incollection{Wilkinson2012,
  title = {{The Grammar of Graphics}},
  author = {Wilkinson, Leland},
  booktitle = {Handbook of computational statistics},
  pages = {375--414},
  year = {2012},
  isbn = {978-3540404644},
  publisher={Springer}
}

@Book{Wickham2016,
    author = {Hadley Wickham},
    title = {{ggplot2}: Elegant Graphics for Data Analysis},
    publisher = {Springer-Verlag New York},
    year = {2016},
    isbn = {978-3-319-24277-4}
  }

@Article{Patil2021,
    doi = {10.21105/joss.03236},
    url = {https://doi.org/10.21105/joss.03236},
    year = {2021},
    publisher = {{The Open Journal}},
    volume = {6},
    number = {61},
    pages = {3236},
    author = {Indrajeet Patil},
    title = {{statsExpressions: {R} Package for Tidy Dataframes and Expressions with Statistical Details}},
    journal = {{Journal of Open Source Software}},
  }


@Article{Ben-Shachar2020,
    title = {{e}ffectsize: Estimation of Effect Size Indices and Standardized Parameters},
    author = {Mattan S. Ben-Shachar and Daniel Lüdecke and Dominique Makowski},
    year = {2020},
    journal = {Journal of Open Source Software},
    volume = {5},
    number = {56},
    pages = {2815},
    publisher = {The Open Journal},
    doi = {10.21105/joss.02815},
    url = {https://doi.org/10.21105/joss.02815},
  }


@Article{Lüdecke2020parameters,
    title = {Extracting, Computing and Exploring the Parameters of Statistical Models using {R}},
    volume = {5},
    doi = {10.21105/joss.02445},
    number = {53},
    journal = {Journal of Open Source Software},
    author = {Daniel Lüdecke and Mattan S. Ben-Shachar and Indrajeet Patil and Dominique Makowski},
    year = {2020},
    pages = {2445},
  }

@Article{Makowski2019,
    title = {bayestestR: Describing Effects and their Uncertainty, Existence and Significance within the {B}ayesian Framework.},
    author = {Dominique Makowski and Mattan S. Ben-Shachar and Daniel Lüdecke},
    journal = {Journal of Open Source Software},
    doi = {10.21105/joss.01541},
    year = {2019},
    number = {40},
    volume = {4},
    pages = {1541},
    url = {https://joss.theoj.org/papers/10.21105/joss.01541},
  }

@Article{Lüdecke2020performance,
    title = {{performance}: An {R} Package for Assessment, Comparison and Testing of Statistical Models},
    author = {Daniel Lüdecke and Mattan S. Ben-Shachar and Indrajeet Patil and Philip Waggoner and Dominique Makowski},
    year = {2021},
    journal = {Journal of Open Source Software},
    volume = {6},
    number = {60},
    pages = {3139},
    doi = {10.21105/joss.03139},
  }

@Article{Lüdecke2019,
    title = {insight: A Unified Interface to Access Information from Model Objects in {R}},
    volume = {4},
    doi = {10.21105/joss.01412},
    number = {38},
    journal = {Journal of Open Source Software},
    author = {Daniel Lüdecke and Philip Waggoner and Dominique Makowski},
    year = {2019},
    pages = {1412},
  }


@article{van2020jasp,
  title={The JASP guidelines for conducting and reporting a {B}ayesian analysis},
  author={Johnny {van Doorn} and
  Don {van den Bergh} and
  Udo Böhm and
  Fabian Dablander and
  Koen Derks and
  Tim Draws and
  Alexander Etz and
  Nathan J Evans and
  Quentin F Gronau and
  Julia M Haaf and
  Max Hinne and
  Šimon Kucharský and
  Alexander Ly and
  Maarten Marsman and
  Dora Matzke and
  Akash R Komarlu Narendra Gupta and
  Alexandra Sarafoglou and
  Angelika Stefan and
  Jan G Voelkel and
  Eric-Jan Wagenmakers},
  journal={Psychonomic Bulletin \& Review},
  pages={1--14},
  year={2020},
  doi={10.3758/s13423-020-01798-5},
  publisher={Springer}
}

@Article{Makowski2020,
    title = {Methods and Algorithms for Correlation Analysis in {R}},
    author = {Dominique Makowski and Mattan S. Ben-Shachar and Indrajeet Patil and Daniel Lüdecke},
    doi = {10.21105/joss.02306},
    year = {2020},
    journal = {Journal of Open Source Software},
    number = {51},
    volume = {5},
    pages = {2306},
    url = {https://joss.theoj.org/papers/10.21105/joss.02306},
  }

@Manual{base2021,
    title = {{R}: A Language and Environment for Statistical Computing},
    author = {{R Core Team}},
    organization = {R Foundation for Statistical Computing},
    address = {Vienna, Austria},
    year = {2021},
    url = {https://www.R-project.org/},
  }

@book{wickham2016r,
  title = {{R for Data Science}},
  author = {Wickham, Hadley and Grolemund, Garrett},
  year = {2016},
  isbn = {978-1491910399},
  publisher = {O'Reilly Media}
}

@book{grant2018data,
  title = {{Data Visualization: Charts, Maps, and Interactive Graphics}},
  author = {Grant, Robert},
  year = {2018},
  isbn = {978-1138707603},
  publisher = {CRC Press}
}

@book{healy2018data,
  title = {{Data Visualization: A Practical Introduction}},
  author = {Healy, Kieran},
  year = {2018},
  isbn = {978-0691181622},
  publisher = {Princeton University Press}
}

@book{wilke2019fundamentals,
  title = {{Fundamentals of Data Visualization}},
  author = {Wilke, Claus O},
  year = {2019},
  isbn = {978-1492031086},
  publisher = {O'Reilly Media}
}
